<record><leader>00000cas a22000007a 4500</leader><controlfield tag="001">17455085</controlfield><controlfield tag="008">880210d18671870nyuwr ne      0    0eng d</controlfield><datafield ind1=" " ind2=" " tag="010"><subfield code="a">sn 88074067 </subfield></datafield><datafield ind1=" " ind2=" " tag="040"><subfield code="a">NYS</subfield><subfield code="b">eng</subfield><subfield code="c">NYS</subfield><subfield code="d">OCLCQ</subfield><subfield code="d">YGM</subfield><subfield code="d">OCLCQ</subfield><subfield code="d">OCLCF</subfield><subfield code="d">OCLCO</subfield></datafield><datafield ind1="1" ind2=" " tag="029"><subfield code="a">AU@</subfield><subfield code="b">000025829692</subfield></datafield><datafield ind1=" " ind2=" " tag="042"><subfield code="a">msc</subfield></datafield><datafield ind1=" " ind2=" " tag="043"><subfield code="a">n-us-pa</subfield><subfield code="a">n-us-ny</subfield></datafield><datafield ind1="0" ind2="0" tag="245"><subfield code="a">Wellsville free press.</subfield></datafield><datafield ind1=" " ind2=" " tag="260"><subfield code="a">Wellsville, N.Y. :</subfield><subfield code="b">Henry C. Fiske,</subfield><subfield code="c">1867-1870.</subfield></datafield><datafield ind1=" " ind2=" " tag="300"><subfield code="a">v. ;</subfield><subfield code="c">65 cm.</subfield></datafield><datafield ind1=" " ind2=" " tag="310"><subfield code="a">Weekly</subfield></datafield><datafield ind1="0" ind2=" " tag="362"><subfield code="a">Vol. 15, no. 16 [i.e. 6] (May 29, 1867)-v. 18, no. 15 (Dec. 28, 1870) = No. 734-971.</subfield></datafield><datafield ind1=" " ind2=" " tag="515"><subfield code="a">Issue for May 29, 1867 is numbered v. 15, no. 16 but constitutes v. 15, no. 6.</subfield></datafield><datafield ind1=" " ind2="0" tag="650"><subfield code="a">American newspapers.</subfield></datafield><datafield ind1=" " ind2="0" tag="651"><subfield code="a">Genesee River Valley (Pa. and N.Y.)</subfield><subfield code="x">History</subfield><subfield code="x">Sources.</subfield></datafield><datafield ind1=" " ind2="4" tag="651"><subfield code="a">Wellsville (N.Y.)</subfield><subfield code="v">Newspapers.</subfield></datafield><datafield ind1=" " ind2="7" tag="655"><subfield code="a">History.</subfield><subfield code="2">fast</subfield><subfield code="0">(OCoLC)fst01411628</subfield></datafield><datafield ind1=" " ind2="7" tag="655"><subfield code="a">Sources.</subfield><subfield code="2">fast</subfield><subfield code="0">(OCoLC)fst01423900</subfield></datafield><datafield ind1=" " ind2="7" tag="650"><subfield code="a">American newspapers.</subfield><subfield code="2">fast</subfield><subfield code="0">(OCoLC)fst00807293</subfield></datafield><datafield ind1=" " ind2="7" tag="651"><subfield code="a">United States</subfield><subfield code="z">Genesee River Valley.</subfield><subfield code="2">fast</subfield><subfield code="0">(OCoLC)fst01311273</subfield></datafield><datafield ind1=" " ind2=" " tag="752"><subfield code="a">United States</subfield><subfield code="b">New York</subfield><subfield code="c">Allegany</subfield><subfield code="d">Wellsville.</subfield></datafield><datafield ind1="0" ind2="0" tag="780"><subfield code="t">Genesee Valley free press (Wellsville, N.Y. : 1852)</subfield><subfield code="w">(DLC)sn 85038677</subfield></datafield><datafield ind1="0" ind2="0" tag="785"><subfield code="t">Genesee Valley free press (Wellsville, N.Y. : 1871)</subfield><subfield code="w">(DLC)sn 83031165</subfield></datafield></record>